<record><leader>00000cas a22000007a 4500</leader><controlfield tag="001">36582514</controlfield><controlfield tag="008">970320d1901191uokuwr n       0    0eng d</controlfield><datafield ind1=" " ind2=" " tag="010"><subfield code="a">sn 97064787 </subfield></datafield><datafield ind1=" " ind2=" " tag="040"><subfield code="a">OBN</subfield><subfield code="b">eng</subfield><subfield code="c">OBN</subfield><subfield code="d">OCLCQ</subfield><subfield code="d">OCLCF</subfield><subfield code="d">OCLCO</subfield></datafield><datafield ind1="1" ind2=" " tag="029"><subfield code="a">AU@</subfield><subfield code="b">000013137029</subfield></datafield><datafield ind1=" " ind2=" " tag="042"><subfield code="a">msc</subfield></datafield><datafield ind1=" " ind2=" " tag="043"><subfield code="a">n-us-ok</subfield></datafield><datafield ind1="0" ind2="4" tag="245"><subfield code="a">The Elk City record.</subfield></datafield><datafield ind1=" " ind2=" " tag="260"><subfield code="a">Elk City, Roger Mills County, Okla. :</subfield><subfield code="b">T.D. Penn &amp; Son</subfield></datafield><datafield ind1=" " ind2=" " tag="300"><subfield code="a">v.</subfield></datafield><datafield ind1=" " ind2=" " tag="310"><subfield code="a">Weekly</subfield></datafield><datafield ind1="1" ind2=" " tag="362"><subfield code="a">Began in 1901.</subfield></datafield><datafield ind1=" " ind2=" " tag="588"><subfield code="a">Description based on: Vol. 3, no. 33 (June 15, 1904).</subfield></datafield><datafield ind1=" " ind2="0" tag="651"><subfield code="a">Elk City (Okla.)</subfield><subfield code="v">Newspapers.</subfield></datafield><datafield ind1=" " ind2="0" tag="651"><subfield code="a">Beckham County (Okla.)</subfield><subfield code="v">Newspapers.</subfield></datafield><datafield ind1=" " ind2="7" tag="655"><subfield code="a">Newspapers.</subfield><subfield code="2">fast</subfield><subfield code="0">(OCoLC)fst01423814</subfield></datafield><datafield ind1=" " ind2="7" tag="651"><subfield code="a">Oklahoma</subfield><subfield code="z">Beckham County.</subfield><subfield code="2">fast</subfield><subfield code="0">(OCoLC)fst01216113</subfield></datafield><datafield ind1=" " ind2="7" tag="651"><subfield code="a">Oklahoma</subfield><subfield code="z">Elk City.</subfield><subfield code="2">fast</subfield><subfield code="0">(OCoLC)fst01220331</subfield></datafield><datafield ind1=" " ind2=" " tag="752"><subfield code="a">United States</subfield><subfield code="b">Oklahoma</subfield><subfield code="c">Beckham</subfield><subfield code="d">Elk City.</subfield></datafield><datafield ind1="0" ind2="5" tag="785"><subfield code="t">Beckham County news</subfield><subfield code="w">(DLC)sn 97064786</subfield><subfield code="w">(OCoLC)36582425</subfield></datafield><datafield ind1="0" ind2="0" tag="785"><subfield code="t">Elk City news democrat</subfield><subfield code="w">(DLC)sn 97064788</subfield><subfield code="w">(OCoLC)36582723</subfield></datafield></record>